<collection xmlns="http://www.loc.gov/MARC21/slim">
<record>
  <leader>01449nam0a2200265 i 450 </leader>
  <controlfield tag="001">IT\ICCU\CNCE\050605</controlfield>
  <controlfield tag="005">20070924000000.0</controlfield>
  <datafield tag="012" ind1=" " ind2=" ">
    <subfield code="a">i?i? s?m? a?s? SeQu (C) 1575 (Q)</subfield>
    <subfield code="2">fei</subfield>
  </datafield>
  <datafield tag="100" ind1=" " ind2=" ">
    <subfield code="a">20000203f1575        0itac0103    ba</subfield>
  </datafield>
  <datafield tag="101" ind1=" " ind2=" ">
    <subfield code="a">LAT</subfield>
  </datafield>
  <datafield tag="102" ind1=" " ind2=" ">
    <subfield code="a">IT</subfield>
  </datafield>
  <datafield tag="200" ind1="1" ind2=" ">
    <subfield code="a">Echo, seu aemula quaedam vocum repercussio respondens de praecipuis sectariorum fructibus interrogata</subfield>
  </datafield>
  <datafield tag="210" ind1=" " ind2=" ">
    <subfield code="d">\1575?!</subfield>
    <subfield code="e">\Bologna</subfield>
    <subfield code="g">Societ ̉Tipografica Bolognese!</subfield>
  </datafield>
  <datafield tag="215" ind1=" " ind2=" ">
    <subfield code="a">\4! c.</subfield>
    <subfield code="d">4ʻ</subfield>
  </datafield>
  <datafield tag="300" ind1=" " ind2=" ">
    <subfield code="a">Il nome dell&apos;autore e la data si ricavano dalla dedica</subfield>
  </datafield>
  <datafield tag="620" ind1=" " ind2=" ">
    <subfield code="a">IT</subfield>
    <subfield code="d">Bologna</subfield>
  </datafield>
  <datafield tag="700" ind1=" " ind2="1">
    <subfield code="a">Franchi,</subfield>
    <subfield code="b">Cirillo</subfield>
    <subfield code="3">IT\ICCU\CNCA\005545</subfield>
  </datafield>
  <datafield tag="712" ind1="0" ind2="2">
    <subfield code="a">Societ ̉Tipografica Bolognese</subfield>
    <subfield code="3">IT\ICCU\CNCT\000634</subfield>
    <subfield code="4">650</subfield>
  </datafield>
  <datafield tag="790" ind1=" " ind2="1">
    <subfield code="a">Francus,</subfield>
    <subfield code="b">Cyrillus</subfield>
    <subfield code="3">IT\ICCU\CNCA\022821</subfield>
    <subfield code="z">Franchi, Cirillo</subfield>
  </datafield>
  <datafield tag="791" ind1="0" ind2="2">
    <subfield code="a">Compagnia della Stampa</subfield>
    <subfield code="c"> &lt;Bologna&gt;</subfield>
    <subfield code="3">IT\ICCU\CNCT\002885</subfield>
    <subfield code="z">Societ ̉Tipografica Bolognese</subfield>
  </datafield>
  <datafield tag="791" ind1="0" ind2="2">
    <subfield code="a">Societas typographiae Bononiensis</subfield>
    <subfield code="3">IT\ICCU\CNCT\005692</subfield>
    <subfield code="z">Societ ̉Tipografica Bolognese</subfield>
  </datafield>
  <datafield tag="801" ind1=" " ind2="3">
    <subfield code="a">IT</subfield>
    <subfield code="b">ICCU</subfield>
    <subfield code="c">20201115</subfield>
  </datafield>
  <datafield tag="899" ind1=" " ind2=" ">
    <subfield code="a">Biblioteca Apostolica Vaticana. Citt ̉del Vaticano</subfield>
    <subfield code="1">EX0001</subfield>
    <subfield code="2">ZCV 01</subfield>
  </datafield>
  <datafield tag="911" ind1=" " ind2=" ">
    <subfield code="a">Nel coloph.</subfield>
    <subfield code="9">IT\ICCU\CNCM\000553</subfield>
  </datafield>
  <datafield tag="921" ind1=" " ind2=" ">
    <subfield code="a">IT\ICCU\CNCM\000553</subfield>
    <subfield code="b">Sole con viso di fanciullo e un cuore, ai lati due colonne di fumo che si innalzano da un turibolo.</subfield>
    <subfield code="e">1) Tutius ut vivam; 2) Ardeat haec uni flamma beata tibi</subfield>
    <subfield code="c">V20</subfield>
    <subfield code="c">Z1180</subfield>
    <subfield code="d">Dimensioni: 5,8 x 7;Motto in greco:  Autos auto kardias kaphararsion</subfield>
    <subfield code="f">COLONNE</subfield>
    <subfield code="f">CUORE</subfield>
    <subfield code="f">FANCIULLO</subfield>
    <subfield code="f">SOLE</subfield>
    <subfield code="f">TURIBOLO</subfield>
    <subfield code="g">1573-[1585]</subfield>
  </datafield>
</record>
</collection>
